@article{cpandlpforlowpower,
author = {Ahmad, Nabihah and Ishaimi, Nur and Jabbar, M.},
year = {2018},
month = {07},
pages = {012060},
title = {Charge Pump and Loop Filter for Low Power PLL Using 130nm CMOS Technology},
volume = {1049},
journal = {Journal of Physics: Conference Series},
doi = {10.1088/1742-6596/1049/1/012060}
}
@book{razavi2011rf,
  author    = {Behzad Razavi},
  title     = {RF Microelectronics},
  edition   = {2nd},
  year      = {2011},
  publisher = {Prentice Hall},
}
@article{ortega2018pll,
  author    = {Ortega, A. and Milano, F.},
  title     = {Comparison of different PLL implementation for frequency estimation and control},
  journal   = {ResearchGate},
  year      = {2018},
  month     = {May},
  doi       = {10.1109/ICHQP.2018.8378935}
}
@article{rout2014pll,
  author    = {Rout, P. and Acharya, D.},
  title     = {Analysis and design of a 1GHz PLL for fast phase and frequency acquisition},
  journal   = {International Journal of Signal and Imaging Systems Engineering},
  year      = {2014},
  doi 	= {10.1504/IJSISE.2014.057938}
}
@mastersthesis{uyanik2007pid,
  author       = {Uyanik, H.},
  title        = {PID approach to PLL systems},
  school       = {Istanbul Technical University, Institute of Science and Technology},
  year         = {2007},
  type         = {M.S. Thesis}
}
@book{baker2010cmos,
  author    = {R. Jacob Baker},
  title     = {CMOS: Circuit Design, Layout, and Simulation},
  edition   = {3rd},
  year      = {2010},
  publisher = {Wiley-IEEE Press},
}
@book{bookpll,
author = {Razavi, Behzad},
year = {2020},
month = {01},
pages = {},
title = {Design of CMOS Phase-Locked Loops: From Circuit Level to Architecture Level},
isbn = {9781108494540},
doi = {10.1017/9781108626200}
}
@article{vandeplassche1979monolithic,
  author = {R.J. van de Plassche and D. Goedhart},
  title = {A monolithic 14-bit D/A converter},
  journal = {IEEE Journal of Solid-State Circuits},
  volume = {SC-14},
  pages = {552-556},
  year = {1979},
  month = {June}
}

@article{schouwenaars1986monolithic,
  author = {H.J. Schouwenaars and E.C. Dijkmans and B.M.J. Kup and E.J.M. van Tuijl},
  title = {A monolithic dual 16-bit D/A converter},
  journal = {IEEE Journal of Solid-State Circuits},
  volume = {SC-21},
  pages = {424-429},
  year = {1986},
  month = {June}
}

@article{vandeplassche1982monolithic,
  author = {R.J. van de Plassche and H.J. Schouwenaars},
  title = {A monolithic 14-bit A/D converter},
  journal = {IEEE Journal of Solid-State Circuits},
  volume = {SC-17},
  pages = {1112-1117},
  year = {1982},
  month = {Dec}
}

@article{vandeplassche1983monolithic,
  author = {R.J. van de Plassche and H.J. Schouwenaars},
  title = {A monolithic high-speed Sample-and-Hold amplifier for digital Audio},
  journal = {IEEE Journal of Solid-State Circuits},
  volume = {SC-18},
  pages = {716-722},
  year = {1983},
  month = {Dec}
}

@article{vandeplassche1988eightbit,
  author = {R.J. van de Plassche and P. Baltus},
  title = {An 8-bit 100 Mhz full Nyquist Analog-to-Digital Converter},
  journal = {IEEE Journal of Solid-State Circuits},
  volume = {SC-23},
  pages = {1334-1344},
  year = {1988},
  month = {Dec}
}

@article{vanvalburg1992eightbit,
  author = {C.J. van Valburg and R.J. van de Plassche},
  title = {An 8-b 650 MHz Folding ADC},
  journal = {IEEE Journal of Solid-State Circuits},
  volume = {27},
  pages = {1662-1666},
  year = {1992},
  month = {Dec}
  }

  @book{vandeplassche2003cmos,
    author    = {Rudy van de Plassche},
    title     = {CMOS Integrated Analog-to-Digital and Digital-to-Analog Converters},
    edition   = {2nd},
    year      = {2003},
    publisher = {Kluwer Academic Publishers},
    address   = {Boston / Dordrecht / London}
  }
@article{plaschke1976matching,
  author = {van de Plassche, R.J.},
  title = {Dynamic element matching for high-accuracy monolithic D/A converters},
  journal = {IEEE J. Solid-State Circuits},
  volume = {21},
  pages = {795--800},
  year = {1976}
}

@article{schoeff1979monotonic,
  author = {Schoeff, J.A.},
  title = {An inherently monotonic 12 bit DAC},
  journal = {IEEE J. Solid-State Circuits},
  volume = {24},
  pages = {904--911},
  year = {1979}
}

@article{naylor1983highspeed,
  author = {Naylor, J.R.},
  title = {A complete high-speed voltage output 16-bit monolithic DAC},
  journal = {IEEE J. Solid-State Circuits},
  volume = {28},
  pages = {729--735},
  year = {1983}
}

@article{schouwenaar1986dual,
  author = {Schouwenaars, H.J. and Dijkmans, E.C. and Kup, B.M.J. and van Tuijl, E.J.M.},
  title = {A monolithic dual 16-bit D/A converter},
  journal = {IEEE J. Solid-State Circuits},
  volume = {21},
  pages = {424--429},
  year = {1986}
}

@article{schouwenaars1988lowpower,
  author = {Schouwenaars, H.J. and Groeneveld, D.W.J. and Termeer, H.A.H.},
  title = {A low-power stereo 16-bit CMOS D/A converter for digital audio},
  journal = {IEEE J. Solid-State Circuits},
  volume = {23},
  pages = {1290--1297},
  year = {1988}
}

@article{jin2014energyefficient,
  author = {Jin, J. and Gao, Y. and Sanchez-Sinencio, E.},
  title = {An energy-efficient time-domain asynchronous 2 b/step SAR ADC with a hybrid R-2R/C-3C DAC structure},
  journal = {IEEE J. Solid-State Circuits},
  volume = {49},
  pages = {1383--1396},
  year = {2014}
}

@patent{meaney1991voltage,
  author = {Meaney, R.A. and Speer, R.J.},
  title = {Voltage-switching D/A converter using p- and n-channel MOSFETs},
  number = {US patent 5.075.677},
  year = {1991}
}

@inproceedings{mclachlan2013subppm,
  author = {McLachlan, R.C. and Gillespie, A. and Coln, M.L.C.W. and Chisholm, D. and Lee, D.T.},
  title = {A 20b clockless DAC with sub-ppm-linearity 7.5 nV/√Hz-noise and 0.05 ppm/°C-stability},
  booktitle = {IEEE International Solid-State Circuits Conference, Digest of Technical Papers},
  pages = {278--279},
  year = {2013}
}

@article{chen2006asynchronous,
  author = {Chen, S.-W.M. and Brodersen, R.W.},
  title = {A 6-bit 600-MS/s 5.3-mW asynchronous ADC in 0.13-μm CMOS},
  journal = {IEEE J. Solid-State Circuits},
  volume = {41},
  pages = {2669--2680},
  year = {2006}
}

@inproceedings{alpman2009interleaved,
  author = {Alpman, E. and Lakdawala, H. and Carley, L.R. and Soumyanath, K.},
  title = {A 1.1 V 50 mW 2.5 GS/s 7b time-interleaved C-2C SAR ADC in 45 nm LP digital CMOS},
  booktitle = {IEEE International Solid-State Circuits Conference, Digest of Technical Papers},
  pages = {76--77},
  year = {2009}
}

@article{dingwall1985subranging,
  author = {Dingwall, A.G.F. and Vazzana, V.},
  title = {An 8-MHz CMOS subranging 8-bit A/D converter},
  journal = {IEEE J. Solid-State Circuits},
  volume = {20},
  pages = {1138--1143},
  year = {1985}
}

@article{abrial1988analog,
  author = {Abrial, A. and Bouvier, J. and Fournier, J. and Senn, P. and Viellard, M.},
  title = {A 27-MHz digital-to-analog video processor},
  journal = {IEEE J. Solid-State Circuits},
  volume = {23},
  pages = {1358--1369},
  year = {1988}
}

@article{ahuja1983compensation,
  author = {Ahuja, B.},
  title = {An improved frequency compensation technique for CMOS operational amplifiers},
  journal = {IEEE J. Solid-State Circuits},
  volume = {18},
  pages = {629--633},
  year = {1983}
}

@article{miki1986cmos,
  author = {Miki, T. and Nakamura, Y. and Nakaya, S. and Asai, Y. and Akasaka, Y. and Horiba, Y.},
  title = {An 80-MHz 8-bit CMOS D/A converter},
  journal = {IEEE J. Solid-State Circuits},
  volume = {21},
  pages = {983--988},
  year = {1986}
}

@article{bastiaanssen1991currentoutput,
  author = {Bastiaanssen, C.A.A. and Groeneveld, D.W.J. and Schouwenaars, H.J. and Termeer, H.A.H.},
  title = {A 10-b 40-MHz 0.8-μm CMOS current-output D/A converter},
  journal = {IEEE J. Solid-State Circuits},
  volume = {26},
  pages = {917--921},
  year = {1991}
}

@inproceedings{doris2005cmos,
  author = {Doris, K. and Briaire, J. and Lenaerts, D. and Vertregt, M. and van Roermund, A.},
  title = {A 12b 500 MS/s DAC with >70 dB SFDR up to 120 MHz in 0.18 μm CMOS},
  booktitle = {IEEE International Solid-State Circuits Conference, Digest of Technical Papers},
  pages = {116--588},
  year = {2005}
}

@article{plas1999walk,
  author = {van der Plas, G.A.M. and Vandenbussche, J. and Sansen, W. and Steyaert, M.S.J. and Gielen, G.G.E.},
  title = {A 14-bit intrinsic accuracy Q² random walk CMOS DAC},
  journal = {IEEE J. Solid-State Circuits},
  volume = {34},
  pages = {1708--1718},
  year = {1999}
}
@book{pelgrom2023analog,
  author    = {Marcel J.M. Pelgrom},
  title     = {Analog-to-Digital Conversion},
  edition   = {4th},
  year      = {2023},
  publisher = {Springer},
  isbn      = {9783031294126},
  doi       = {10.1007/978-3-031-29413-3}
}
